@article{big,
author = {Jass, Hugh},
title = {A big paper},
journal = {The journal of big papers},
year = 7991,
volume = {MCMXCVII},
}

@online{WinNT,
author = {MultiMedia LLC},
title = {{MS Windows NT} Kernel Description},
year = 1999,
url = {http://web.archive.org/web/20080207010024/http://www.808multimedia.com/winnt/kernel.htm},
urldate = {2010-09-30}
}

@Book{abra,
author = "Milton Abramowitz and Irene A. Stegun",
title = "Handbook of Mathematical Functions with Formulas, Graphs, and Mathematical Tables",
publisher = "Dover",
year = 1964,
address = "New York",
edition = "ninth Dover printing, tenth GPO printing",
volume = 5
}



@Book{book,
ALTauthor = {author},
ALTeditor = {editor},
title = {title},
publisher = {publisher},
year = {year},
volume = {XX}
}


@Misc{asd,
key = {asd},
author = {asd},
title = {asd},
howpublished = {asda},
month = {asda},
year = {asd},
note = {asd},
annote = {asd},
}
